<record><leader>00000cas a22000007a 4500</leader><controlfield tag="001">14956422</controlfield><controlfield tag="008">861211d192319uuiauwr ne      0    0eng d</controlfield><datafield ind1=" " ind2=" " tag="010"><subfield code="a">sn 86060919 </subfield></datafield><datafield ind1=" " ind2=" " tag="040"><subfield code="a">INP</subfield><subfield code="b">eng</subfield><subfield code="c">INP</subfield><subfield code="d">OCLCQ</subfield></datafield><datafield ind1=" " ind2=" " tag="042"><subfield code="a">msc</subfield></datafield><datafield ind1="0" ind2="4" tag="245"><subfield code="a">The Service press.</subfield></datafield><datafield ind1=" " ind2=" " tag="260"><subfield code="a">Fort Dodge, Iowa :</subfield><subfield code="b">Service Print Shop,</subfield><subfield code="c">1923-</subfield></datafield><datafield ind1=" " ind2=" " tag="300"><subfield code="a">v. :</subfield><subfield code="b">ill. ;</subfield><subfield code="c">46 cm.</subfield></datafield><datafield ind1=" " ind2=" " tag="310"><subfield code="a">Weekly</subfield></datafield><datafield ind1="0" ind2=" " tag="362"><subfield code="a">Vol. 1, no. 1 (May 17, 1923)-</subfield></datafield><datafield ind1=" " ind2=" " tag="500"><subfield code="a">Includes sections called: The Duncombe dispatch, May 17-&lt;June 14, 1923&gt;; The Callender call, May 17-&lt;July 12, 1923&gt;; The Clare clipper, May 17-&lt;July 12, 1923&gt;; The Somers sun, &lt;June 7-July 12, 1923&gt;; The Moorland monitor, &lt;June 7-14, 1923&gt;; The Barnum booster, &lt;July 12, 1923&gt;.</subfield></datafield><datafield ind1=" " ind2=" " tag="515"><subfield code="a">Frequent errors in numbering.</subfield></datafield><datafield ind1=" " ind2=" " tag="752"><subfield code="a">United States</subfield><subfield code="b">Iowa</subfield><subfield code="c">Webster</subfield><subfield code="d">Fort Dodge.</subfield></datafield><datafield ind1=" " ind2=" " tag="752"><subfield code="a">United States</subfield><subfield code="b">Iowa</subfield><subfield code="c">Webster</subfield><subfield code="d">Duncombe.</subfield></datafield><datafield ind1=" " ind2=" " tag="752"><subfield code="a">United States</subfield><subfield code="b">Iowa</subfield><subfield code="c">Webster</subfield><subfield code="d">Callender.</subfield></datafield><datafield ind1=" " ind2=" " tag="752"><subfield code="a">United States</subfield><subfield code="b">Iowa</subfield><subfield code="c">Webster</subfield><subfield code="d">Clare.</subfield></datafield><datafield ind1=" " ind2=" " tag="752"><subfield code="a">United States</subfield><subfield code="b">Iowa</subfield><subfield code="c">Webster</subfield><subfield code="d">Barnum.</subfield></datafield><datafield ind1=" " ind2=" " tag="752"><subfield code="a">United States</subfield><subfield code="b">Iowa</subfield><subfield code="c">Webster</subfield><subfield code="d">Moorland.</subfield></datafield><datafield ind1=" " ind2=" " tag="752"><subfield code="a">United States</subfield><subfield code="b">Iowa</subfield><subfield code="c">Calhoun</subfield><subfield code="d">Somers.</subfield></datafield><datafield ind1="1" ind2=" " tag="787"><subfield code="t">Callender call</subfield></datafield><datafield ind1="1" ind2=" " tag="787"><subfield code="t">Clare clipper</subfield></datafield><datafield ind1="1" ind2=" " tag="787"><subfield code="t">Somers sun</subfield></datafield><datafield ind1="1" ind2=" " tag="787"><subfield code="t">Moorland monitor</subfield></datafield><datafield ind1="1" ind2=" " tag="787"><subfield code="t">Barnum booster</subfield></datafield><datafield ind1="1" ind2=" " tag="787"><subfield code="t">Duncombe dispatch</subfield></datafield></record>